<?xml version="1.0" encoding="UTF-8" ?>
<collection xmlns:xsi="http://www.w3.org/2001/XMLSchema-instance"
    xsi:schemaLocation="http://www.loc.gov/MARC21/slim
        http://www.loc.gov/standards/marcxml/schema/MARC21slim.xsd"
    xmlns="http://www.loc.gov/MARC21/slim">
<record>
  <leader>00227cam a2200421 i 4500</leader>
  <controlfield tag="001">b12520779</controlfield>
  <controlfield tag="003">LeBAU</controlfield>
  <controlfield tag="005">20180710</controlfield>
  <controlfield tag="008">970715s1954    le            ||0 f ara d</controlfield>
  <datafield tag="035" ind1=" " ind2=" ">
    <subfield code="a">ocn784377606</subfield>
  </datafield>
  <datafield tag="040" ind1=" " ind2=" ">
    <subfield code="a">LEAUB</subfield>
    <subfield code="b">ara</subfield>
    <subfield code="e">rda</subfield>
    <subfield code="c">LEAUB</subfield>
    <subfield code="d">LEAUB</subfield>
  </datafield>
  <datafield tag="041" ind1="1" ind2=" ">
    <subfield code="a">ara</subfield>
    <subfield code="g">eng</subfield>
  </datafield>
  <datafield tag="082" ind1="0" ind2="4">
    <subfield code="a">828</subfield>
    <subfield code="2">22</subfield>
  </datafield>
  <datafield tag="100" ind1="1" ind2=" ">
    <subfield code="6">880-01</subfield>
    <subfield code="a">Goldsmith, Oliver,</subfield>
    <subfield code="d">1730?-1774,</subfield>
    <subfield code="e">author.</subfield>
  </datafield>
  <datafield tag="240" ind1="1" ind2="4">
    <subfield code="a">The Vicar of Wakefield.</subfield>
    <subfield code="l">Arabic</subfield>
  </datafield>
  <datafield tag="245" ind1="1" ind2="0">
    <subfield code="6">880-02</subfield>
    <subfield code="a">Qiss Wākfīld /</subfield>
    <subfield code="c">taʼlīf Ūlīfir Ghūld Smīth ; taʻrīb Ḥasan al-Nāṭūr.</subfield>
  </datafield>
  <datafield tag="264" ind1=" " ind2="1">
    <subfield code="6">880-03</subfield>
    <subfield code="a">Bayrūt :</subfield>
    <subfield code="b">Maṭbaʻat al-Bayān,</subfield>
    <subfield code="c">1954.</subfield>
  </datafield>
  <datafield tag="300" ind1=" " ind2=" ">
    <subfield code="6">880-04</subfield>
    <subfield code="a">109 pages ;</subfield>
    <subfield code="c">23 cm</subfield>
  </datafield>
  <datafield tag="336" ind1=" " ind2=" ">
    <subfield code="a">text</subfield>
    <subfield code="b">txt</subfield>
    <subfield code="2">rdacontent</subfield>
  </datafield>
  <datafield tag="337" ind1=" " ind2=" ">
    <subfield code="a">unmediated</subfield>
    <subfield code="b">n</subfield>
    <subfield code="2">rdamedia</subfield>
  </datafield>
  <datafield tag="338" ind1=" " ind2=" ">
    <subfield code="a">volume</subfield>
    <subfield code="b">nc</subfield>
    <subfield code="2">rdacarrier</subfield>
  </datafield>
  <datafield tag="650" ind1=" " ind2="4">
    <subfield code="a">القصة الانجليزية</subfield>
    <subfield code="x">المؤلفون الأيرلنديون</subfield>
    <subfield code="v">ترجمات الى العربية.</subfield>
  </datafield>
  <datafield tag="650" ind1=" " ind2="0">
    <subfield code="a">English fiction</subfield>
    <subfield code="x">Irish authors</subfield>
    <subfield code="v">Translations into Arabic.</subfield>
  </datafield>
  <datafield tag="655" ind1=" " ind2="4">
    <subfield code="a">روايات.</subfield>
  </datafield>
  <datafield tag="655" ind1=" " ind2="0">
    <subfield code="a">Novels.</subfield>
  </datafield>
  <datafield tag="700" ind1="1" ind2=" ">
    <subfield code="6">880-05</subfield>
    <subfield code="a">Nāṭūr, Ḥasan,</subfield>
    <subfield code="e">translator.</subfield>
  </datafield>
  <datafield tag="765" ind1="0" ind2="8">
    <subfield code="6">880-06</subfield>
    <subfield code="i">is translation of</subfield>
    <subfield code="4">http://rdaregistry.info/Elements/e/P20141 :</subfield>
    <subfield code="a">Goldsmith, Oliver, 1730?-1774.</subfield>
    <subfield code="t">Vicar of Wakefield.</subfield>
    <subfield code="d">London : Macmillan, 1962</subfield>
    <subfield code="w">(OCoLC)248875113</subfield>
    <subfield code="w">(OCoLC)248875113</subfield>
  </datafield>
  <datafield tag="852" ind1=" " ind2=" ">
    <subfield code="a">Jafet Library</subfield>
    <subfield code="e">American University of Beirut, Bliss Street , Beirut, Lebanon.</subfield>
  </datafield>
  <datafield tag="880" ind1="1" ind2=" ">
    <subfield code="6">100-01/(3/r</subfield>
    <subfield code="a">غولد سميث، اوليفر،</subfield>
    <subfield code="d">1730؟-1774،</subfield>
    <subfield code="e">مؤلف. </subfield>
    <subfield code="4">aut.</subfield>
  </datafield>
  <datafield tag="880" ind1="1" ind2="0">
    <subfield code="6">245-02/(3/r</subfield>
    <subfield code="a">قس واكفيلد /</subfield>
    <subfield code="c">تأليف أوليفر غولد سميث ؛ تعريب حسن الناطور.</subfield>
  </datafield>
  <datafield tag="880" ind1=" " ind2="1">
    <subfield code="6">264-03/(3/r</subfield>
    <subfield code="a">بيروت :</subfield>
    <subfield code="b">مطبعة البيان،</subfield>
    <subfield code="c">1954.</subfield>
  </datafield>
  <datafield tag="880" ind1=" " ind2=" ">
    <subfield code="6">300-04/(3/r</subfield>
    <subfield code="a">109 صفحات ؛</subfield>
    <subfield code="c">23 سم</subfield>
  </datafield>
  <datafield tag="880" ind1="1" ind2=" ">
    <subfield code="6">700-05/(3/r</subfield>
    <subfield code="a">الناطور، حسن،</subfield>
    <subfield code="e">مترجم. </subfield>
    <subfield code="4">trl.</subfield>
  </datafield>
  <datafield tag="880" ind1="0" ind2=" ">
    <subfield code="6">765-06/(3/r</subfield>
    <subfield code="i">ترجمة</subfield>
    <subfield code="4">http://rdaregistry.info/Elements/e/P20141 :</subfield>
    <subfield code="a">Goldsmith, Oliver, 1730?-1774.</subfield>
    <subfield code="t">Vicar of Wakefield.</subfield>
    <subfield code="d">London : Macmillan, 1962</subfield>
    <subfield code="w">b10597384</subfield>
    <subfield code="w">(OCoLC)248875113</subfield>
  </datafield>
  <datafield tag="907" ind1=" " ind2=" ">
    <subfield code="a">.b12520779</subfield>
    <subfield code="b">18-09-07</subfield>
    <subfield code="c">11-05-24</subfield>
  </datafield>
  <datafield tag="907" ind1=" " ind2=" ">
    <subfield code="a">.b12520779</subfield>
    <subfield code="b">15-10-15</subfield>
    <subfield code="c">11-05-24</subfield>
  </datafield>
  <datafield tag="945" ind1=" " ind2=" ">
    <subfield code="f">J</subfield>
    <subfield code="a">828:G624vaA</subfield>
    <subfield code="g">1</subfield>
    <subfield code="i">01031691</subfield>
    <subfield code="j">.i13019624</subfield>
    <subfield code="l">u0503</subfield>
  </datafield>
  <datafield tag="998" ind1=" " ind2=" ">
    <subfield code="a">u05</subfield>
    <subfield code="b">97-07-15</subfield>
    <subfield code="c">m</subfield>
    <subfield code="d">a  </subfield>
    <subfield code="e">-</subfield>
    <subfield code="f">ara</subfield>
    <subfield code="g">le </subfield>
    <subfield code="h">0</subfield>
    <subfield code="i">1</subfield>
  </datafield>
</record>
</collection>
